<?xml version="1.0" encoding="UTF-8"?><collection xmlns="http://www.loc.gov/MARC21/slim"><record><leader>00509nam--2200181-i-4500</leader><controlfield tag="001">000040359</controlfield><controlfield tag="002">20161230</controlfield><controlfield tag="005">20161230201042</controlfield><controlfield tag="008">060222s1000------------r-----000-0-fre-d</controlfield><datafield ind1=" " ind2=" " tag="040"><subfield code="a">IFIN-HH</subfield></datafield><datafield ind1=" " ind2=" " tag="041"><subfield code="a">fre</subfield></datafield><datafield ind1=" " ind2=" " tag="080"><subfield code="a">539.244:539.128.4</subfield></datafield><datafield ind1="1" ind2=" " tag="100"><subfield code="a">Saudinos,Jean</subfield></datafield><datafield ind1="1" ind2="0" tag="245"><subfield code="a">Nouveaux aspects de l`excitation nucleaire par diffusion de particle alpha</subfield><subfield code="b">These</subfield><subfield code="c">Jean saudinos</subfield></datafield><datafield ind1=" " ind2=" " tag="260"><subfield code="a">Paris</subfield><subfield code="b">Faculte Des Sciences</subfield><subfield code="c">1962</subfield></datafield><datafield ind1=" " ind2=" " tag="300"><subfield code="a">86 P</subfield></datafield><datafield ind1=" " ind2=" " tag="852"><subfield code="a">19156</subfield><subfield code="c">539.14</subfield></datafield><datafield ind1=" " ind2=" " tag="CAT"><subfield code="a">Sys</subfield><subfield code="c">20120323</subfield><subfield code="h">103832</subfield></datafield></record></collection>